@misc{template,
    author = "Pamela Fry",
    title = "Literature Review Template",
    howpublished = {\url{https://www.tru.ca/__shared/assets/Literature_Review_Template30564.pdf}},
    note = {Thompson Rivers University. Online; accessed 3 September, 2018}
}

@mist{openttd,
    author = {OpenTTD Team},
    title = {{OpenTTD}: Something},
    howpublished = {\url{https://www.openttd.org/}},
    year = {2000--2023}
}
